
@ONLINE{paramsanganak,
TITLE={{PARAM Sanganak}},
URL={https://www.iitk.ac.in/new/param-sanganak},
year={2021}
}


@article{supercomputers1982,
 ISSN = {00368733, 19467087},
 URL = {http://www.jstor.org/stable/24966503},
 author = {Ronald D. Levine},
 journal = {Scientific American},
 number = {1},
 pages = {118--135},
 publisher = {Scientific American, a division of Nature America, Inc.},
 title = {{Supercomputers}}
 volume = {246},
 year = {1982}
}


@ONLINE{nsm,
TITLE={{National Supercomputing Mission}},
URL={https://nsmindia.in/},
year={2021}
}



